
@misc{SnapPy,
     author={Culler, Marc and Dunfield, Nathan M. and Weeks, Jeffrey R.},
     title={Snap{P}y, a computer program for studying the topology of $3$-manifolds},
     howpublished={Available at \url{http://snappy.computop.org} (20/09/2014)},
}

@manual{sage,
  Key          = {Sage},
  Author       = {W.\thinspace{}A. Stein and others},
  Organization = {The Sage Development Team},
  Title        = {{S}age {M}athematics {S}oftware ({V}ersion 6.3.1)},
  note         = {\url{http://www.sagemath.org}},
  Year         = {2014},
}

@misc{cxFreeze,
     title={cx\_{F}reeze, for cross platform freezing of Python scripts},
     howpublished={Available at \url{http://cx-freeze.sourceforge.net/}},
}

@misc{mercurial,
     title={Mercurial, a distributed source control management tool},
     howpublished={Available at \url{http://mercurial.selenic.com/}},
}

@misc{knotinfo,
  Author = {J. C. Cha and C. Livingston},
  title = {{K}not{I}nfo: {T}able of {K}not {I}nvariants}, 
  howpublished={Available at \url{http://www.indiana.edu/~knotinfo}},
}

@misc{BundleCensuses,
  Author = {Mark C. Bell},
  title = {{T}able of {B}undles},
  howpublished={Available at \url{https://bitbucket.org/Mark_Bell/bundle-censuses}},
}

@incollection {Agol,
    AUTHOR = {Agol, Ian},
     TITLE = {Ideal triangulations of pseudo-{A}nosov mapping tori},
 BOOKTITLE = {Topology and geometry in dimension three},
    SERIES = {Contemp. Math.},
    VOLUME = {560},
     PAGES = {1--17},
 PUBLISHER = {Amer. Math. Soc., Providence, RI},
      YEAR = {2011},
   MRCLASS = {57M50 (37E30)},
  MRNUMBER = {2866919 (2012m:57026)},
MRREVIEWER = {Jack O. Button},
       DOI = {10.1090/conm/560/11087},
       URL = {http://0-dx.doi.org.pugwash.lib.warwick.ac.uk/10.1090/conm/560/11087},
}